<?xml version="1.0" encoding="UTF-8"?><record xmlns="http://www.loc.gov/MARC21/slim" xmlns:cinclude="http://apache.org/cocoon/include/1.0" xmlns:zs="http://www.loc.gov/zing/srw/">
  <leader>00919cz  a2200205n  4500</leader>
  <controlfield tag="001">n  78085124 </controlfield>
  <controlfield tag="003">DLC</controlfield>
  <controlfield tag="005">20100528074655.0</controlfield>
  <controlfield tag="008">781117n| acannaabn          |b ana      </controlfield>
  <datafield tag="010" ind1=" " ind2=" ">
    <subfield code="a">n  78085124 </subfield>
  </datafield>
  <datafield tag="035" ind1=" " ind2=" ">
    <subfield code="a">(OCoLC)oca00220347</subfield>
  </datafield>
  <datafield tag="040" ind1=" " ind2=" ">
    <subfield code="a">DLC</subfield>
    <subfield code="b">eng</subfield>
    <subfield code="c">DLC</subfield>
    <subfield code="d">DLC-S</subfield>
    <subfield code="d">OCoLC</subfield>
    <subfield code="d">DLC-S</subfield>
  </datafield>
  <datafield tag="110" ind1="2" ind2=" ">
    <subfield code="a">Kyŏngbuk Taehakkyo.</subfield>
    <subfield code="b">Tongyang Munhwa Yŏn'guso</subfield>
  </datafield>
  <datafield tag="410" ind1="2" ind2=" ">
    <subfield code="a">Kyŏngbuk Taehakkyo.</subfield>
    <subfield code="b">Oriental Culture Institute</subfield>
  </datafield>
  <datafield tag="410" ind1="2" ind2=" ">
    <subfield code="w">nnaa</subfield>
    <subfield code="a">Kyŏngbuk Taehakkyo, Taegu, Korea.</subfield>
    <subfield code="b">Tongyang Munhwa Yŏnʼguso</subfield>
  </datafield>
  <datafield tag="410" ind1="2" ind2=" ">
    <subfield code="a">慶北大學校.</subfield>
    <subfield code="b">東洋文化硏究所</subfield>
  </datafield>
  <datafield tag="410" ind1="2" ind2=" ">
    <subfield code="a">慶北 大學校.</subfield>
    <subfield code="b">東洋 文化 硏究所</subfield>
  </datafield>
  <datafield tag="667" ind1=" " ind2=" ">
    <subfield code="a">Machine-derived non-Latin script reference project.</subfield>
  </datafield>
  <datafield tag="667" ind1=" " ind2=" ">
    <subfield code="a">Latin and non-Latin script references not evaluated.</subfield>
  </datafield>
  <datafield tag="670" ind1=" " ind2=" ">
    <subfield code="a">Tongyang munhwa yŏnʼgu, 1974 (a.e.)</subfield>
    <subfield code="b">t.p. (Kyŏngbuk Taehakkyo, Tongyang Munhwa Yŏnʼguso) cover p. 4 (Oriental Culture Institute, Kyungpook National University)</subfield>
  </datafield>
</record>